@online{wiki_git,
    author = "Wikipedia",
    title = "Git",
    url = "https://en.wikipedia.org/wiki/Git",
	urldate = "2017-12-18",
	year = "2017"
}
 
@book{book_procsharpdotnetcore,
  title={Professional C\# 7 and .NET Core 2.0},
  author={Nagel, C.},
  isbn={9781119449249},
  url={https://books.google.dk/books?id=prdSDwAAQBAJ},
  year={2018},
  publisher={Wiley}
}